2242 3126
434 254 516 292 ²07
742 238 789 280 H
875 239 903 280 I
987 240 1017 278 S
1105 240 1144 281 T

372 307 457 333 201.
488 297 546 330 Ad
576 297 689 342 cinque
721 298 799 332 anni
824 297 877 342 poi
915 297 1013 342 questo
1039 309 1124 342 gran
1168 302 1201 337 A

521 357 675 383 novetate
695 347 772 393 fime
789 374 799 392 ‚

370 412 483 438 =.n99.
510 402 576 433 Che
603 402 635 432 lu
660 403 824 433 Communo
854 400 893 432 de
921 398 1041 442 Aquila
1057 397 1126 446 gis:

513 447 591 498 ftne
623 451 669 483 ad
697 450 876 483 Machilone
889 462 909 491 ,-

421 502 521 536 Nove
552 499 713 546 [emmane
751 511 771 533 a
805 500 882 544 pedi
916 497 1031 547 l’bcste
1063 504 1128 535 loco

521 552 665 595 durone,

422 603 492 638 Fin
519 605 572 636 che
588 600 638 648 fc>
657 599 763 648 prisb,
788 599 824 636 &¹
841 600 950 648 guasto
979 602 1045 638 mai
1066 613 1127 636 non

512 650 611 700 senne
637 655 772 687 levone.

371 762 454 789 202.
481 755 519 787 In
551 754 587 787 dl
624 754 663 788 de
699 757 803 788 Santa
835 753 950 800 Justa‚
980 755 1013 787 la
1042 751 1127 799 fista
1168 760 1196 794 Β

519 805 559 838 de
586 807 732 838 Baczano
759 803 840 850 (36)

420 854 471 887 Fa
507 858 588 889 tolto
633 856 831 889 Macchitone
871 855 926 888 dal
961 856 1126 888 Communo

521 905 682 949 Aquilano
699 930 710 949 ,

420 956 558 1000 ‚ananto
583 953 713 1001 sederno
743 958 786 990 ad
813 959 900 995 alto,
929 963 1022 989 tanto
1051 966 1125 989 ven-

521 1017 595 1039 nero
624 1010 658 1039 al
681 1006 805 1049 piano,-

421 1054 541 1100 ‚Qaello
570 1058 624 1089 che
656 1067 689 1088 ce
718 1053 837 1100 remise
865 1067 922 1089 non
951 1052 1036 1102 vade
1068 1066 1127 1088 uno

518 1114 689 1140 acontano.
718 1103 798 1153 (37)

371 1216 454 1253 ως.
495 1210 588 1241 Come
626 1206 788 1250 inmagino
825 1205 871 1244 ό*
905 1215 1030 1250 penzo,
1069 1215 1129 1250 per
1167 1215 1215 1250 g·

520 1256 616 1303 quista
639 1270 727 1302 gran
753 1266 884 1302 peccato

368 1381 438 1421 (36)
460 1379 492 1413 A
515 1379 546 1412 ὀὶ
569 1380 670 1421 primo
690 1380 718 1412 d’
732 1379 865 1420 Agosto.

367 1424 439 1461 (37)
466 1432 560 1453 nome
588 1422 618 1452 di
650 1429 777 1452 moneta
806 1420 944 1458 minuta,
973 1417 1058 1450 usata
1093 1418 1131 1450 da

449 1462 566 1493 Buccio
595 1462 625 1492 in
656 1462 786 1493 termine
815 1461 846 1491 di
876 1459 1022 1492 vilissimo
1045 1458 1130 1491 valo-

448 1512 497 1534 re.
523 1502 564 1533 V.
581 1502 621 1540 st.
646 1511 713 1541 339·
736 1513 766 1532 υ.
793 1511 818 1540 3.

368 1543 438 1582 (38)
462 1541 524 1573 Del
553 1541 732 1572 Monastero
756 1541 823 1571 vedi
854 1538 906 1579 qui
930 1548 986 1572 not.
1009 1548 1058 1580 45.
1085 1539 1130 1570 La

450 1581 539 1612 storia
555 1582 604 1619 poi
623 1582 651 1611 di
668 1580 916 1620 quell’Asledio,
931 1586 948 1610 e
968 1579 1049 1611 della
1068 1581 1129 1611 Re-

451 1621 592 1652 miffione
608 1628 751 1652 ottenuta
768 1619 919 1659 apparisce
942 1619 989 1649 dal
1008 1619 1131 1658 seguen-
1213 1654 1214 1657 Ἰ

452 1670 483 1692 te
513 1660 663 1699 Diploma
692 1659 810 1691 serbato
838 1660 870 1691 in
901 1659 1055 1690 Archivio
1080 1658 1131 1690 del
1168 1658 1214 1691 D'

450 1700 619 1740 Pubblico,
647 1711 664 1732 e
692 1699 842 1739 stampato
874 1698 959 1731 nella
991 1699 1131 1730 Raccolta

411 1740 588 1822 „sizzfr'olus
607 1780 759 1813 Secundus
774 1779 837 1826 Dei
859 1779 959 1825 gratia¹
974 1778 1062 1811 Rex.
1084 1779 1131 1825 U-

410 1844 434 1863 ‚,
455 1820 580 1853 niverfis
620 1821 771 1860 presentes
806 1820 911 1852 literas
952 1818 1132 1858 inspeemns

409 1885 434 1903 ‚,
454 1884 553 1894 ......
577 1861 654 1894 Sane
677 1861 751 1893 licet
773 1861 877 1892 diebus
908 1859 970 1891 istis
994 1860 1132 1891 Univer-

409 1925 433 1943 „
456 1900 524 1933 sitas
546 1901 707 1933 hominum
731 1901 882 1932 Civitatis
906 1901 1022 1938 Aquile
1045 1911 1132 1931 man-

410 1966 433 1984 „
455 1942 525 1973 data
553 1941 668 1979 nostra,
690 1941 734 1973 eis
761 1939 857 1980 faeta,
880 1941 958 1979 quod
987 1940 1025 1971 ab
1055 1939 1132 1971 obfi-

411 2006 434 2024 ,‚
455 1981 548 2013 dione
576 1981 675 2012 Castri
705 1981 903 2013 Macchiloni
933 1989 1017 2011 certo
1040 1981 1132 2012 modo

411 2047 434 2064 „
455 2021 664 2059 discederent,
694 2021 809 2053 temere
843 2021 1017 2060 spernentes
1052 2031 1132 2052 rece-

412 2087 435 2103 „
456 2063 526 2093 dere
548 2063 618 2093 inde
637 2060 814 2099 noluerint3
835 2061 977 2101 quinimo
998 2061 1032 2092 ad
1049 2072 1132 2093 com-

412 2127 435 2144 „
457 2102 644 2140 bullionem,
663 2102 694 2132 ἃ
716 2102 904 2133 dirutionem
927 2101 1015 2140 ipfius
1033 2101 1131 2133 castri
1159 2082 1199 2140 'E

412 2166 436 2184 „
458 2144 579 2182 propria
614 2140 818 2173 auRhoritate
853 2142 1072 2181 processerint,
1098 2152 1132 2172 ac

412 2206 435 2225 „
457 2183 565 2214 deinde
589 2182 734 2222 speciales
756 2181 881 2221 persone
910 2183 946 2213 de
972 2181 1133 2213 Universi-

413 2246 436 2264 „
458 2231 522 2254 tate
545 2222 597 2254 issa
620 2221 706 2262 super
726 2222 773 2254 his
795 2223 831 2253 de
861 2223 1008 2254 mandato
1032 2222 1133 2253 nostro

413 2287 437 2303 „
459 2264 572 2302 citare,
606 2272 639 2294 ut
674 2273 776 2294 coram
814 2262 1001 2294 excellentia
1035 2262 1134 2293 noslra

414 2327 437 2343 ,‚
458 2303 658 2342 personaliter
687 2302 716 2334 se
739 2302 931 2342 conferrent,
955 2303 985 2334 in
1012 2313 1134 2341 compa-

415 2366 438 2383 „
459 2343 552 2374 rendo
573 2343 682 2374 exinde
704 2353 806 2374 coram
822 2344 910 2375 nobis
925 2342 1040 2374 fuerint
1061 2353 1134 2374 con-

415 2404 438 2422 „
461 2389 612 2421 tumaces,
635 2393 758 2423 propter
784 2384 863 2423 quod
893 2383 925 2414 in
953 2393 1006 2415 eos
1035 2393 1073 2415 ex
1094 2383 1136 2414 ri-

416 2444 439 2462 „
460 2431 532 2460 gore
566 2423 706 2460 justitiae
740 2423 803 2455 dari
833 2423 937 2461 judicii
972 2424 1135 2455 materiam

416 2483 441 2501 „
462 2461 639 2500 preberent.
649 2462 775 2494 Tamen
785 2463 982 2496 Venerabilis
1001 2464 1031 2496 in
1042 2463 1136 2495 Chri-

418 2522 442 2542 „
465 2500 508 2531 sio
538 2501 630 2532 Pater
664 2501 813 2535 Nicolaus
842 2504 904 2535 Dei
934 2504 1032 2544 gratia
1060 2503 1136 2543 Epi-

413 2562 442 2582 „
464 2540 568 2580 scopus
595 2541 789 2581 Aquilenfis,
811 2543 843 2574 δι
872 2543 1048 2584 Religiosus
1076 2544 1138 2575 Vir

416 2603 441 2622 9,
463 2581 569 2612 Frater
586 2581 821 2613 Bartholomeus
841 2583 877 2614 de
893 2584 1030 2623 Aquila,
1047 2584 1136 2616 Prior

417 2643 441 2663 ,‚
463 2621 693 2654 Predicatorum
721 2622 753 2654 'm
781 2624 889 2655 eadem
917 2624 1059 2658 civitate
1087 2614 1162 2657 A-l
1208 2610 1223 2646 1

1227 242 1262 283 0
1352 240 1388 280 R
1477 241 1506 281 I
1588 240 1631 282 A
1853 243 1935 285 208

1290 300 1369 333 Non
1408 298 1425 332 ὲ
1461 300 1663 345 maraviglia
1692 298 1731 347 je
1769 311 1829 335 non
1868 305 1998 336 havemo

1389 353 1485 383 State
1497 359 1514 382 .-

1289 397 1454 447 PreJonolu
1490 409 1550 443 per
1577 401 1692 444 ραὶἶα,
1724 411 1778 436 ma
1809 412 1869 437 non
1898 400 1925 438 h'
1946 400 1998 448 fb

1389 447 1554 495 observato
1566 462 1588 494 ,·

1289 502 1469 534 Menarone
1506 505 1536 535 le
1575 504 1709 542 Donne,
1736 510 1790 537 ma
1826 513 1885 537 nm
1923 503 1950 538 ls'
1978 503 2000 538 ὲ

1390 552 1501 585 niente
1533 553 1609 587 elato
1625 576 1635 588 .

1239 659 1324 696 204.
1360 652 1502 703 Vendero
1537 653 1572 688 in
1607 654 1746 697 poverts}
1776 658 1829 689 che
1865 665 1924 690 uon
1942 650 2001 702 fiz-

1384 713 1487 748 peano
1509 706 1722 748 guadagnare
1739 730 1749 748 ‚

1287 754 1338 786 Fe
1376 754 1403 786 li
1433 756 1514 787 tolto
1541 757 1570 789 lo
1589 753 1674 802 βω,
1708 758 1803 789 anche
1822 753 1861 804 se
1892 756 1927 790 τὲ
1958 756 2002 790 ad

1388 806 1530 843 redare;

1288 853 1366 888 Foli
1393 851 1489 899 fatto
1527 868 1567 890 un
1605 856 1828 902 monasterio,
1852 854 1900 895 (θ’
1923 864 2000 901 pro-

1390 906 1511 950 miffivo
1541 907 1577 941 di
1605 907 1717 941 dotare
1735 933 1746 951 ,

1289 957 1354 988 Per
1392 957 1541 990 metterci
1579 960 1681 1000 quelle
1711 961 1764 992 che
1793 969 1853 992 non
1882 960 2002 992 havea-

1389 1017 1427 1040 no
1457 1010 1510 1040 che
1538 1017 1729 1043 manecare.

1241 1111 1325 1148 205.
1357 1107 1500 1140 Forum-e
1530 1107 1617 1151 mlffi'
1646 1109 1817 1147 Monecbe,
1846 1106 1936 1146 dico,
1962 1106 2002 1141 de

1391 1158 1591 1191 Macchilone
1600 1181 1611 1197 ‚
1640 1156 1654 1203 (
1658 1168 1676 1204 3
1684 1157 1722 1205 8)

1289 1206 1401 1241 Forno
1440 1209 1566 1251 gentili
1613 1212 1752 1252 Donne,
1783 1207 1823 1254 fi
1857 1218 1939 1242 como
1969 1207 2007 1254 fi

1390 1267 1519 1292 cantone
1531 1270 1553 1300 ;

1902 1310 1951 1341 Lu

1249 1398 1252 1399 ν
1279 1402 1302 1420 ,,
1323 1380 1426 1421 qnsse,
1447 1391 1503 1412 nec
1524 1391 1586 1413 non
1616 1381 1692 1413 certi
1721 1380 1856 1418 eiusdem
1877 1380 2004 1412 Civita-

1279 1441 1302 1459 ‚,
1326 1421 1366 1451 tis
1401 1421 1516 1451 Sindici
1559 1431 1656 1459 nuper
1698 1420 1871 1457 Majestatis
1904 1420 2004 1452 nostre

1279 1481 1302 1500 „
1328 1459 1512 1499 presentiam
1534 1461 1680 1492 adeuntes
1704 1460 1865 1492 humiliter
1892 1460 2005 1497 suppli-

1279 1521 1303 1540 „
1327 1509 1455 1540 carunt,
1477 1509 1511 1532 ut
1533 1499 1632 1532 nostra
1655 1501 1808 1532 Serenitas
1829 1510 1898 1532 cum
1923 1500 2006 1531 Uni-

1277 1562 1302 1579 „
1325 1539 1468 1572 versitate
1498 1540 1578 1580 ipsa,
1601 1540 1632 1572 &
1663 1540 1842 1580 specialibus
1871 1539 2005 1579 personis

1279 1602 1302 1620 „
1324 1579 1438 1611 eisdem
1462 1579 1499 1611 sic
1523 1581 1666 1612 mandata
1682 1581 1781 1612 nostra
1804 1580 2006 1620 transgressis,

1279 1642 1301 1660 ,‚
1325 1619 1564 1651 misericorditer
1593 1630 1714 1660 ageret.
1738 1621 1808 1652 Nos
1837 1631 1909 1660 ergo
1931 1631 2004 1652 con-

1279 1681 1301 1700 „
1325 1658 1486 1690 siderantes
1508 1662 1604 1691 etiam
1627 1669 1712 1697 grata
1733 1661 1900 1700 plurimhm
1923 1660 2006 1692 anti-

1279 1721 1301 1739 „
1322 1709 1381 1738 que
1405 1699 1508 1737 Fidei,
1531 1699 1561 1730 ἃ
1595 1699 1705 1731 sincere
1735 1701 1911 1732 devotionis
1939 1710 2004 1731 me-

1279 1761 1301 1779 „
1323 1740 1399 1778 rita,
1421 1740 1528 1778 quibus
1560 1739 1700 1770 homines
1729 1741 1881 1771 Civitatis
1913 1739 2003 1779 ipsius

1279 1801 1300 1818 „
1324 1789 1393 1819 erga
1424 1780 1498 1810 Div.
1523 1790 1614 1812 mem.
1647 1780 1821 1811 Dominum
1854 1780 2003 1817 Patrem,

1279 1841 1302 1859 ,‚
1324 1819 1355 1850 ἃ
1380 1829 1434 1850 nos
1457 1819 1569 1857 jugiter
1589 1820 1725 1850 claruisse
1748 1818 1930 1858 noscuntur,
1952 1829 2005 1849 eo-

1279 1881 1302 1898 „
1325 1869 1390 1890 rum
1422 1858 1693 1896 supplicationibus
1725 1859 1885 1898 benignius
1915 1858 2005 1889 incli-

1280 1922 1302 1939 „
1325 1900 1388 1929 nari
1404 1921 1413 1937 ,
1437 1899 1684 1931 Universiratem
1713 1899 1827 1938 ipsam,
1850 1898 1881 1930 δι
1906 1898 2004 1938 singu-

1280 1939 1369 1978 „los
1400 1940 1436 1969 de
1461 1938 1673 1971 Universitate
1702 1938 1836 1978 predii&
1867 1948 1931 1970 tam
1961 1939 2004 1969 ci-

1281 2001 1303 2019 „
1326 1987 1424 2018 tatOS,
1452 1989 1544 2017 quam
1574 1978 1651 2010 alios
1684 1980 1940 2018 reconciliantes,
1969 1978 2003 2010 &

1281 2041 1304 2059 ‚‚
1325 2018 1517 2050 restituentes
1541 2020 1572 2050 in
1596 2019 1751 2059 integrum
1773 2020 1809 2051 ad
1831 2021 1946 2060 gratie,
1968 2019 2003 2050 δι

1281 2081 1304 2099 ,,
1326 2068 1398 2098 pure
1426 2059 1643 2091 benevolentie
1672 2059 1771 2091 nostre
1800 2058 1916 2098 finum,
1937 2070 2007 2091 om-

1282 2121 1304 2139 „
1326 2110 1379 2131 nes
1401 2098 1520 2138 culpas,
1544 2099 1575 2130 &
1598 2099 1744 2139 offensas,
1768 2110 1819 2139 per
1848 2110 1900 2131 eos
1922 2110 2006 2131 com-

1283 2162 1305 2178 „
1328 2139 1426 2171 missas
1449 2139 1488 2170 ob
1509 2139 1659 2180 predie‘ras
1681 2140 1940 2180 combustionem,
1959 2139 2007 2171 di-

1284 2203 1305 2219 „
1328 2180 1502 2225 rutionem,
1519 2181 1551 2211 ὅ(
1575 2179 1856 2220 transgressionem,
1878 2191 1911 2212 ac
1933 2190 2004 2226 con-

1284 2243 1306 2260 „
1330 2229 1495 2259 tumacias,
1518 2231 1703 2260 omnemque
1732 2231 1843 2260 penam
1872 2228 2006 2252 remitti-

1284 2283 1306 2300 „
1331 2271 1414 2299 mus,
1431 2260 1463 2291 δι
1487 2260 1722 2292 misericorditer
1743 2260 1918 2299 abolemus;
1934 2261 2006 2292 dum

1285 2323 1308 2341 ,‚
1331 2308 1435 2331 tamen
1465 2299 1556 2332 liceat
1586 2301 1715 2332 cuilibet
1750 2303 1855 2333 c'ontra
1890 2299 2005 2333 dieram

1285 2363 1308 2381 ‚,
1332 2339 1601 2383 Universitatem,
1630 2341 1663 2372 &
1692 2340 1838 2381 speciales
1866 2341 2005 2383 personas

1285 2404 1308 2421 „
1337 2380 1426 2420 ipsius
1455 2391 1501 2418 Jus
1530 2381 1615 2413 suum
1643 2391 1682 2413 ex
1710 2383 1876 2423 premissis,
1904 2393 2008 2415 coram

1286 2444 1309 2462 „
1331 2421 1521 2461 competenti
1552 2423 1659 2460 Judice
1688 2421 1708 2453 si
1732 2423 1887 2455 voluerint
1915 2433 2008 2462 expe-

1286 2484 1309 2502 „
1334 2462 1403 2493 riri.
1429 2462 1549 2494 Datum
1573 2463 1675 2503 Neap.
1697 2473 1778 2494 anno
1800 2463 1931 2495 Domini
1955 2462 2020 2496 M-v

1286 2524 1308 2542 ‚‚
1330 2501 1456 2534 CCIC.
1478 2503 1528 2533 die
1553 2513 1598 2542 24.
1621 2504 1808 2543 Septembris
1829 2503 1927 2535 XIII.
1950 2503 2005 2534 In-

1287 2563 1309 2581 „
1331 2540 1404 2574 dia.
1426 2542 1607 2587 Regnorum
1628 2543 1797 2578 nostrorum
1817 2553 1897 2576 anno
1916 2542 2005 2583 quin-

1287 2603 1310 2626 „
1333 2582 1503 2616 todecimo.
1885 2621 1949 2663 Ag·

1941 2633 1966 2654 ι..
