2242 3126
357 203 563 280 banzr729del
599 243 698 280 difi’to
736 247 808 285 Re,
845 259 864 282 e
901 247 994 296 posta
1033 262 1051 285 a
1087 250 1121 286 le

357 294 499 330 fenestre
524 294 568 330 de
595 296 629 331 la
657 298 825 332 Camera.
860 300 908 335 Et
935 299 995 346 poi
1024 313 1119 336 man-

354 344 451 396 giare
489 345 664 384 radunato
698 356 797 384 tutto
835 349 874 386 lu
914 352 1048 405 populu
1087 351 1120 389 se

397 493 423 531 ᾖ,
445 490 529 525 Item
563 497 688 523 attento
720 492 800 532 quod
828 494 931 526 omnis
964 493 1119 529 Ani-atina

436 555 460 573 ‚,
485 532 647 563 Provincia
672 543 816 571 magnum
839 535 1057 575 commodum,
1085 536 1118 566 &

434 594 457 612 „
479 583 580 603 rerum
601 573 775 605 utilitatem
791 585 808 605 a
823 575 926 608 Civit.
947 577 1028 616 Aqu.
1043 577 1119 607 reci-

434 634 457 652 „
481 613 545 651 pit,
561 613 647 644 nullo
664 623 804 654 tempore
819 614 884 648 fieri
904 619 995 657 poffit
1016 616 1117 656 prohi-

434 675 456 692 ,‚
480 653 560 684 bitio
589 654 717 690 alicujus
746 655 890 697 Graffie,
920 657 952 688 ὅ(
983 658 1118 689 maxime

431 715 455 733 ‚,
478 694 582 734 grani,
615 695 697 735 olei,
733 700 889 736 carnium,
924 699 953 727 ⁸1
986 699 1118 730 aliorum

433 755 457 774 ‚,
478 735 514 766 ad
537 733 675 775 vicium,
699 745 763 768 tam
787 748 839 776 per
859 738 1017 771 officiales
1044 739 1119 771 Pro-

432 793 458 814 2,
479 775 600 814 vincie,
631 787 722 816 quarn
754 788 806 817 per
831 778 1075 812 Univerfitates.

511 838 535 856 ‚‚
559 816 685 855 Placet,
708 818 780 849 dum
797 827 901 851 tamen
926 830 1050 860 propter
1064 832 1117 852 nc·-

430 876 455 895 „
476 856 648 890 cessitatem
664 857 836 891 Terrarum
852 871 914 892 non
937 860 1025 903 fieret
1048 873 1118 901 pro-

431 916 454 935 „
477 895 608 930 bibitio.

391 955 416 974 „
440 936 524 969 Item
545 939 625 978 quod
651 939 832 981 Collegium
848 941 1024 974 Doctorum
1039 942 1115 974 Civ.

430 998 453 1016 2,
477 978 562 1018 Aqu.
587 980 676 1018 poffit
698 980 822 1020 haberi,
849 982 880 1012 δι
909 982 967 1012 frui
992 982 1116 1019 Bajula-

430 1037 453 1054 „
476 1025 519 1061 tu·
546 1019 642 1061 totIus
681 1020 839 1059 Aprutine
881 1021 1047 1054 Provincie
1083 1023 1114 1055 in

427 1077 452 1094 „
476 1066 600 1102 primis,
622 1058 653 1089 8<
679 1058 816 1092 secundis
837 1060 931 1094 caufis
951 1073 1023 1095 curn
1043 1073 1114 1104 pro-

427 1116 451 1134 „
474 1095 609 1170 νιίῖοτιιξι,
633 1097 889 1173 fineRtriffiefima.

597 1147 664 1171 acet
720 1165 728 1173 .
795 1165 804 1174 .

384 1197 410 1216 ,‚
432 1160 533 1225 Item-i,
547 1187 582 1210 ut
616 1180 797 1214 Procurator
826 1183 903 1215 fisci
927 1184 1002 1219 Civ.
1026 1185 1112 1227 Aqu-

426 1239 451 1258 „
472 1218 606 1258 ehgatur
629 1231 681 1259 per
697 1222 889 1262 Aquilanam
912 1225 1110 1260 Civitatem.

506 1282 528 1299 „
554 1260 660 1293 Placet
684 1262 725 1295 R.
745 1264 794 1296 M.
817 1265 896 1304 quod
921 1277 973 1302 per
996 1267 1111 1299 Came-

424 1321 447 1339 „
469 1309 535 1345 ram
555 1300 744 1341 Aquilanam
760 1305 916 1344 eligantur
933 1315 1011 1338 tres:
1029 1307 1110 1347 quod

422 1362 446 1378 ‚,
470 1340 533 1380 ipsa
564 1342 613 1374 M.
638 1343 749 1377 habeat
778 1345 959 1379 confirmare
989 1358 1109 1389 unum,

423 1402 446 1419 ‚,
468 1392 561 1421 quem
585 1384 746 1420 maluerit.

430 1421 512 1453 Item
548 1425 715 1458 concedere
750 1437 804 1464 pro
838 1437 1046 1468 ornamento,
1075 1429 1109 1460 δι

421 1483 445 1501 ,,
467 1463 673 1502 amplitudine
692 1467 848 1500 Civitatis
869 1469 966 1504 Anu..
988 1470 1022 1501 ὅ(
1042 1481 1108 1510 per-

423 1523 446 1540 „
470 1513 562 1541 petua
585 1505 634 1536 sua
656 1506 772 1548 gloria,
795 1519 828 1539 ut
853 1520 931 1547 new·
949 1521 1001 1541 =uo
1021 1511 1108 1549 regi,

422 1562 445 1579 „
467 1543 500 1572 ὅ(
523 1543 586 1587 fieri
612 1547 701 1584 possit
726 1548 869 1580 Studium
893 1551 1107 1586 cujuscumque

421 1602 444 1619 „
466 1579 623 1627 dofflrine,
646 1586 672 1614 δι
702 1586 847 1626 scientie,
871 1591 900 1620 in
924 1601 985 1623 ouo
1010 1591 1108 1622 nubli-

422 1642 445 1659 „
467 1630 501 1651 ce
524 1620 584 1660 legi
609 1624 717 1662 ponit3
742 1626 773 1655 ἃ
799 1627 860 1656 illis
883 1630 1026 1658 omnibu<
1050 1632 1101 1660 im.

422 1682 446 1700 s,
468 1662 691 1701 munitatibus,
722 1663 905 1700 honoribus,
937 1667 1107 1705 privilegiis

422 1723 445 1739 ‚,
467 1700 600 1741 fruatur,
629 1704 738 1742 quibus
760 1703 858 1744 Sene,
890 1705 1050 1745 Bononie,
1073 1717 1107 1738 ac

420 1762 444 1778 „
471 1741 641 1772 Petusium.

501 1802 524 1818 „
547 1779 655 1813 Placet
679 1781 740 1814 sine
770 1782 938 1822 prejuditio
966 1785 1038 1821 juris
1061 1787 1104 1816 al-

420 1842 442 1859 „
464 1828 576 1852 terius.

423 1861 507 1892 Item
527 1872 635 1893 omnes
658 1861 781 1899 Judices
801 1863 837 1894 ad
860 1862 1036 1896 contrac'tus
1056 1875 1105 1896 or.

418 1924 441 1941 ‚‚
464 1902 563 1933 dinati
586 1912 638 1941 per
656 1903 694 1935 R.
715 1903 908 1943 Ladizlaurn,
931 1905 963 1935 &
988 1905 1028 1937 R.
1055 1905 1105 1941 Jo-

419 1965 440 1981 ‚‚
463 1941 598 1973 hannam
624 1943 668 1975 H.
695 1944 819 1975 valeant
841 1945 885 1975 uti
919 1944 1104 1981 jurisdifflo-

419 2005 441 2021 „
463 1993 521 2021 ne,
543 1993 606 2014 non
628 1983 817 2016 obstantibus
839 1985 1050 2017 bannimentis
1072 1987 1103 2018 in

417 2044 440 2062 ‚,
462 2024 652 2055 contrarium
677 2023 784 2063 (εξὶίςς
815 2024 847 2056 &
878 2026 1000 2062 Iudices
1020 2028 1104 2058 ordi-

417 2086 440 2102 „
461 2063 528 2094 nati
551 2074 604 2102 per
627 2064 669 2096 R.
694 2064 912 2105 Alphonsum,
942 2068 988 2097 uti
1013 2068 1103 2106 poffit

415 2125 440 2144 ‚‚
463 2102 674 2140 jurisdictione
694 2105 804 2147 absque
825 2105 900 2144 juris
914 2107 1034 2140 annalis
1057 2108 1104 2141 so-

417 2166 440 2183 „
461 2144 600 2177 lutione.

497 2207 520 2225 ,‚
544 2185 654 2218 Placet
675 2186 719 2220 R.
742 2186 795 2220 M.

422 2224 506 2257 Item
535 2227 615 2266 quod
646 2238 755 2260 omnes
784 2227 873 2266 Judei
903 2230 935 2261 in
956 2229 1033 2263 civ.
1057 2231 1103 2261 A-

414 2287 438 2306 „
461 2266 546 2305 quile
582 2266 716 2300 debeant
749 2268 829 2300 ferre
860 2268 995 2309 lignum,
1023 2279 1058 2302 ut
1086 2282 1105 2302 a

414 2328 437 2346 ,‚
457 2306 645 2339 Christianis
668 2308 941 2349 recognoscantur,
964 2311 996 2341 &
1015 2310 1105 2344 nullo

415 2368 438 2386 „
461 2355 601 2387 tempore
623 2348 749 2381 valeant
772 2350 969 2391 privilegium
983 2351 1015 2382 in
1031 2362 1104 2383 con-

415 2408 438 2426 „
462 2389 591 2419 trarium
612 2389 779 2423 obtinere.

498 2451 520 2467 „
545 2428 654 2461 Placet
679 2430 719 2463 R.
745 2430 796 2464 M.

420 2465 505 2498 Item
527 2479 597 2500 cum
618 2481 657 2502 ex
682 2471 787 2511 inopia
809 2471 959 2510 Civium,
981 2473 1014 2504 81
1037 2472 1104 2504 Co-

414 2527 438 2544 „
461 2508 606 2540 mitaten.
639 2511 739 2541 multa
777 2513 903 2550 pignora
936 2513 994 2544 fint
1021 2513 1102 2546 anud

414 2568 436 2584 „
461 2546 603 2578 Hebreos
634 2550 665 2579 in
696 2561 732 2580 ea
761 2562 1015 2591 commorantez,
1046 2564 1103 2584 nec

414 2607 437 2625 „
460 2585 585 2619 valeant
611 2589 729 2620 Heln-ei
759 2591 930 2630 privilegiis
952 2592 1102 2623 obstanti-

382 1441 405 1459 ’²

377 1882 400 1900 2)

377 2245 400 2263 9)

376 2486 399 2504 92

732 186 1636 241 HISTORLA

1852 195 1938 249 780

1161 244 1209 282 ΑΙ
1235 257 1304 280 nne
1330 258 1463 283 armato
1490 258 1510 285 a
1536 245 1570 282 la
1598 250 1769 286 (lamera.
1802 252 1847 287 El
1885 255 1997 301 Cape-

1153 1161 1191 1207 C

1234 304 1319 331 tano
1335 320 1346 334 ,
1388 297 1452 332 che
1494 296 1584 333 stava
1627 312 1686 346 per
1727 302 1777 336 Re
1814 304 1999 342 Ferrame,

1232 349 1388 388 renunzb
1413 347 1449 384 la
1476 348 1659 388 bacchetta
1695 349 1736 386 in
1761 363 1868 387 mano
1894 354 1936 389 de
1962 355 1998 391 la

1768 403 1946 453 Gamera;

1311 513 1336 532 o,
1356 491 1412 523 bus
1433 491 1616 532 conveniri3
1637 494 1805 525 concedere
1826 494 1997 536 dignetur,

1311 554 1334 571 ‚,
1356 542 1390 564 ut
1413 532 1539 564 valeant
1564 543 1667 564 coram
1690 535 1868 567 Canitaneo
1890 535 1996 569 Civit.

1310 595 1334 613 „
1355 574 1534 612 conveniri,
1556 573 1588 605 &
1611 573 1665 613 ipfi
1687 574 1765 607 alios
1786 577 1974 608 convenire.

1391 637 1414 654 „
1437 614 1546 646 Placet
1574 614 1617 646 R.
1647 614 1698 647 M.
1732 614 1794 647 sine
1829 616 1995 654 prejudicio

1309 675 1332 693 „
1354 653 1426 692 juris
1449 654 1535 695 ejus,
1562 656 1612 687 cui
1641 656 1674 687 in
1702 657 1892 688 contrarium
1912 656 1996 690 foret

1309 716 1332 733 „
1354 696 1543 728 concellum.

1316 735 1400 766 Item
1421 737 1501 774 quod
1525 746 1588 767 non
1612 736 1724 775 poffint
1752 736 1818 768 fieri
1841 737 1992 769 denuntie

1308 797 1330 815 ‚,
1352 777 1390 805 de
1412 776 1533 808 damnis
1554 777 1651 816 datis,
1673 777 1705 808 ὃ(
1724 777 1762 808 de
1783 777 1904 809 turbata
1927 777 1994 816 pos.

1306 838 1330 855 ‚,
1354 814 1480 849 seffione
1509 815 1570 848 fine
1600 817 1712 856 armis,
1740 816 1797 849 nisi
1832 819 1862 849 in
1893 818 1993 850 Curia

1307 879 1330 898 ‚‚
1352 855 1574 895 Capitulorum
1602 858 1758 898 Aquilane
1781 859 1934 898 Camere,
1957 859 1991 891 δε

1307 919 1330 936 „
1355 896 1373 927 si
1404 897 1514 937 aliquis
1543 897 1696 930 Officialis
1731 898 1858 931 alteriue
1892 899 1991 932 Curie

1307 959 1330 977 ‚,
1352 938 1608 971 denunciaturum
1641 940 1790 978 receperit
1809 963 1820 979 ,
1856 941 1991 972 incurrat

1306 999 1329 1016 „
1350 988 1464 1018 penam
1486 981 1592 1012 uncie.

1387 1041 1410 1058 ‚‚
1434 1019 1542 1051 Placet
1566 1020 1607 1053 R.
1630 1019 1682 1052 M.
1704 1020 1784 1060 quod
1807 1020 1937 1053 tollatur
1958 1030 1991 1052 a-

1306 1080 1330 1099 „
1352 1059 1440 1091 husus
1469 1059 1616 1093 haetenus
1644 1061 1820 1094 commines
1848 1072 1902 1102 per
1923 1060 1990 1093 Cu-

1306 1121 1329 1138 „
1351 1100 1430 1131 riam
1452 1100 1643 1140 capitanei.

1311 1140 1396 1172 Item
1430 1142 1577 1179 quoniam
1608 1141 1798 1181 Magnificus
1826 1141 1990 1175 Antonius

1304 1202 1327 1220 ,‚
1350 1181 1388 1212 de
1410 1181 1668 1220 Camponischis.
1692 1182 1784 1221 usque
1807 1183 1842 1213 ad
1864 1182 1988 1215 obitum

1303 1243 1327 1261 ‚‚
1348 1220 1436 1253 suum
1458 1223 1593 1254 tenuerit
1608 1221 1750 1254 Castrum
1765 1222 1877 1254 Civite
1899 1223 1989 1262 Qua-

1303 1283 1326 1301 „
1347 1272 1404 1301 ne,
1434 1262 1465 1293 δί
1495 1263 1620 1294 noviter
1648 1262 1790 1294 homines
1819 1261 1893 1293 diffl
1922 1264 1988 1294 Ca-

1303 1323 1326 1341 „
1349 1303 1397 1333 ltri
1425 1302 1478 1333 sub
1500 1303 1641 1334 dominio
1663 1302 1803 1333 Comitis
1826 1302 1988 1334 Montorii

1304 1363 1327 1382 ‚,
1349 1341 1378 1372 se
1407 1342 1606 1381 reduxerint,
1634 1342 1777 1381 dignetur
1804 1341 1988 1375 confirmare

1304 1404 1326 1421 „
1348 1381 1472 1413 comiti
1513 1382 1617 1414 heredi
1654 1382 1827 1415 Antonutii
1866 1382 1989 1417 dictum

1303 1444 1325 1461 ,‚
1348 1421 1509 1456 Castrum.

1385 1485 1407 1503 „
1431 1462 1472 1496 R.
1512 1463 1560 1497 M.
1597 1464 1733 1506 providit
1765 1475 1819 1505 per
1852 1464 1987 1498 Albam·

1303 1524 1325 1542 „
1347 1514 1438 1536 num.
1463 1508 1613 1539 (mansa‘

1309 1545 1391 1579 Item
1421 1553 1545 1577 attento
1573 1547 1653 1587 quo‘l
1688 1546 1830 1579 homines
1863 1544 1988 1578 Castro.

1302 1607 1325 1624 ‚,
1347 1596 1413 1616 rum
1441 1586 1577 1618 Abbatie
1600 1587 1680 1619 Case
1706 1598 1787 1618 nove
1810 1588 1934 1619 noviter
1957 1585 1988 1617 se

1302 1647 1324 1663 ‚,
1347 1627 1532 1658 reduxerunt
1568 1628 1602 1659 ad
1640 1626 1756 1659 dicium
1794 1628 1959 1659 Comitem
1974 1647 1987 1666 9

1301 1684 1323 1700 ‚,
1346 1666 1489 1700 dignetur
1510 1668 1691 1698 confirmare
1713 1679 1850 1706 merum,
1873 1668 1904 1697 8<
1927 1667 1988 1698 rni-

1301 1723 1323 1739 ,‚
1347 1711 1433 1732 xtum
1459 1705 1622 1740 imper=um
1648 1707 1676 1734 in
1702 1706 1791 1736 dictis
1811 1707 1943 1737 castris.

1382 1764 1403 1780 „
1428 1741 1468 1773 R.
1508 1743 1557 1775 M.
1593 1745 1729 1781 providit
1764 1754 1817 1784 per
1849 1745 1985 1776 Albai-a·

1301 1802 1324 1818 ‚,
1346 1792 1437 1813 num.
1461 1784 1614 1819 (manca)

1310 1822 1391 1850 Item
1414 1823 1556 1857 dignetur
1584 1824 1786 1862 demandare,
1813 1831 1848 1854 ut
1878 1823 1986 1862 posses-

1301 1882 1323 1899 „
1347 1859 1387 1890 fio
1411 1861 1530 1900 castri,
1553 1862 1583 1893 ἃ
1608 1862 1710 1893 Terre
1733 1864 1878 1895 Corvarii
1902 1864 1986 1896 resti-

1301 1923 1323 1940 „
1347 1910 1450 1932 tuatur
1481 1901 1652 1940 Maenifice
1683 1904 1778 1935 Dom.
1810 1902 1925 1935 pasche
1951 1915 1985 1935 u-

1301 1963 1323 1980 „
1346 1942 1412 1972 xori
1433 1941 1566 1978 Magnis.
1582 1944 1622 1975 D.
1640 1945 1773 1975 Antonii
1790 1944 1826 1975 de
1843 1944 1986 1984 Gagliof.

1302 2004 1324 2020 ‚,
1346 1981 1380 2012 fis
1410 1982 1501 2014 Civis
1531 1984 1685 2019 Aquilani
1721 1984 1888 2016 fidelissimi
1927 1984 1985 2016 ser-

1300 2044 1322 2062 „
1347 2021 1410 2054 vuli
1440 2023 1472 2054 δι
1503 2025 1618 2056 vaxalli
1649 2026 1680 2058 S.
1710 2025 1780 2063 M,
1811 2025 1840 2056 δι
1865 2025 1928 2057 filie
1951 2026 1984 2057 Sc

1300 2085 1322 2102 „
1345 2062 1449 2095 heredi
1477 2064 1611 2096 Petrutii
1636 2065 1679 2098 D.
1703 2065 1926 2098 Bonihominis
1947 2067 1984 2098 de

1299 2125 1322 2143 ‚‚
1346 2104 1518 2144 poppleto,
1541 2106 1632 2138 Civis
1658 2106 1739 2146 Aqu‚
1755 2129 1764 2144 ‚
1795 2106 1825 2137 ἂ
1850 2107 1981 2140 Domini

1301 2166 1323 2183 ,2
1345 2143 1420 2176 diffi
1445 2146 1563 2185 Casiri,
1587 2158 1656 2178 cum
1679 2147 1822 2178 omnibus
1830 2170 1981 2180 .........

1299 2207 1322 2225 „
1345 2193 1379 2216 ut
1403 2184 1475 2217 ficut
1498 2187 1535 2217 de
1557 2185 1640 2218 saffo
1660 2187 1720 2219 fuit
1741 2187 1916 2228 expoliata,
1944 2188 1981 2220 de

1298 2246 1322 2264 ,‚
1344 2224 1427 2257 facto
1448 2226 1640 2260 restituatur.

1380 2288 1403 2306 „
1426 2266 1535 2298 Placet
1565 2267 1606 2300 R.
1638 2268 1689 2301 M.
1717 2269 1797 2309 quod
1828 2269 1858 2301 in
1887 2279 1982 2309 quan-

1299 2328 1322 2346 „
1345 2313 1412 2337 tum
1442 2306 1590 2345 justitiam
1618 2309 1783 2347 continet,
1813 2308 1874 2341 sine
1897 2319 1981 2341 mora

1298 2369 1322 2387 ‚,
1345 2349 1523 2379 executioni
1544 2350 1723 2386 mandetur;
1747 2350 1909 2389 Quantum
1930 2360 1982 2394 ve-

1299 2410 1322 2427 „
1345 2398 1379 2418 ro
1401 2389 1550 2427 gratiam,
1574 2391 1766 2428 providebit.
1788 2391 1868 2430 quod
1891 2399 1980 2433 merg-

1298 2449 1322 2468 ,‚
1345 2436 1380 2458 to
1402 2429 1492 2468 poffit
1521 2431 1714 2469 contentari,
1742 2431 1888 2469 quoniam
1917 2430 1978 2474 ἱρῇ

1300 2489 1322 2507 ,,
1347 2467 1396 2500 M.
1421 2469 1522 2500 versus
1551 2472 1691 2502 eamdem
1725 2470 1871 2502 Pascham
1899 2478 1977 2509 opti-

1300 2529 1323 2547 „
1345 2519 1430 2541 mam
1451 2509 1546 2541 habet
1568 2512 1798 2546 intentionem.
1855 2548 1885 2580 It

1810 2571 1832 2588 ‚,
1889 2558 1937 2579 em.

1268 754 1292 774 D,

1264 1160 1289 1179 2)

1262 1564 1284 1582 52

1261 1839 1284 1857 9)
