2242 3126
441 229 521 268 319
746 216 796 258 H
880 218 909 259 I
992 220 1022 260 S
1110 222 1151 264 T
1233 222 1267 263 Ο
1358 220 1392 261 R
1483 221 1512 263 Ῑ
1593 223 1636 264 A
1860 241 1944 280 32&

429 276 480 307 La
510 272 621 306 Terra
645 282 705 317 per
732 275 922 320 battagtia,
951 279 989 312 m)-
1017 282 1052 315 la
1081 294 1134 317 vo·
1175 282 1209 318 A
1298 279 1385 324 Disle
1417 283 1470 313 che
1498 282 1713 327 manteneſjeli
1741 293 1796 317 con
1829 285 1909 318 dolce
1927 284 2003 328 stilo

529 325 580 357 lea
601 324 771 370 guastare,
1398 330 1444 368 &⁹
1470 330 1590 373 piano,

427 375 523 411 Volea
555 383 617 419 per
645 375 844 422 strengereli
880 376 905 412 l’
916 390 1016 425 acqua
1046 390 1135 418 tron—
1298 381 1346 416 Ec
1371 382 1419 416 lui
1447 384 1510 415 cos)
1535 382 1709 428 promiffeli
1728 408 1741 429 ,
1773 382 1848 430 jurb
1876 386 1910 418 lu
1938 385 2001 432 qffi-

529 436 622 465 care,
1397 432 1448 467 tio
1477 435 1523 467 ad
1547 445 1662 471 mano.

429 474 617 524 Restrenseli
643 479 673 511 Io
702 477 785 522 paſjb
799 502 809 518 ,
835 488 914 526 poca
941 493 976 518 ce
1003 495 1044 519 ne
1067 483 1133 533 pos:

518 525 577 575 sea
609 527 766 565 intrare.
1246 530 1332 579 672.
1357 538 1419 568 Ser
1458 538 1551 570 Lalle
1588 535 1681 570 tornb
1720 537 1756 571 in
1794 536 1916 581 Aquila
1948 536 2003 580 poi

1399 588 1453 619 che
1481 584 1558 620 hehe
1583 586 1682 632 questo
1703 586 1817 633 fatto,

375 629 461 678 667.
489 630 548 663 Ser
578 631 672 664 Lalle
698 641 758 665 era
789 632 865 667 nell’
880 634 957 681 hoste
984 639 1031 671 ad
1059 641 1135 671 hora
1297 635 1346 671 Ee
1378 637 1553 672 Selmfitini
1584 646 1720 682 ruppero
1749 639 1796 672 ad
1821 641 1881 672 Ser
1911 639 2003 672 Lalle

525 680 611 715 della
639 690 741 722 nona,
1399 690 1432 720 lu
1453 697 1548 732 patto
1563 701 1576 726 ,-

424 733 532 766 Venne
560 735 686 767 novella
714 733 751 768 in
774 735 897 780 Aquila
920 735 1036 771 ch’era
1061 748 1134 782 pre·
1179 736 1206 770 B
1297 740 1439 772 Vennero
1460 739 1530 783 fino
1560 740 1607 773 ad
1632 740 1765 784 Populi,
1785 738 1900 785 feceno
1926 739 2007 772 male

516 779 560 828 fit
588 785 731 818 selmona
744 796 765 827 ‚·
1398 797 1533 824 tracto.-

427 835 477 867 La
518 836 619 868 Conte
657 843 717 879 per
759 839 935 881 alegrezza
978 842 1012 872 la
1048 851 1136 883 gran
1299 839 1369 872 Alli
1400 839 1513 884 nostri,
1542 843 1596 875 che
1623 841 1654 875 ci
1682 852 1780 876 erano
1799 837 1914 886 feceno
1943 849 2010 873 ma-

525 893 676 928 campana
704 882 778 929 fima
793 911 804 930 ,
1379 892 1411 923 le
1441 900 1577 926 waratto
1593 915 1604 926 .

425 936 464 969 In
491 933 590 979 quilla
615 944 713 979 punto
742 936 871 985 ruppese
903 942 959 974 che
985 950 1043 975 era
1067 940 1135 986 sta-

524 993 564 1017 ta
584 985 619 1030 fi
645 987 746 1021 bona.
1249 988 1334 1035 673.
1362 991 1420 1022 Ad
1441 991 1533 1032 pochi
1559 992 1596 1023 Αἱ
1620 991 1675 1031 poi
1702 992 1803 1035 questo
1830 991 1875 1025 ad
1898 991 2011 1034 Napo-

1402 1038 1429 1071 li
1455 1037 1494 1083 fic
1523 1039 1718 1073 annuntiato

1299 1090 1365 1123 Che
1394 1089 1517 1133 Aquila
1555 1090 1661 1123 havea
1691 1088 1790 1134 fatto
1828 1090 1928 1137 hoste,
1965 1088 2012 1127 (γ’

1401 1142 1544 1174 Selmone
1574 1140 1728 1183 affldiato
1738 1153 1759 1182 ,-

1301 1192 1352 1223 La
1381 1190 1510 1233 Regina
1544 1187 1581 1223 ⁴&
1611 1191 1638 1224 li
1665 1191 1784 1234 Regali
1813 1187 1928 1225 hebeno
1960 1190 2014 1223 de-

1403 1241 1544 1275 liberato

1300 1293 1353 1325 De
1375 1288 1439 1336 fltr
1467 1289 1490 1324 l’
1506 1290 1583 1335 hoste
1612 1291 1660 1324 ad
1684 1291 1807 1337 Aquila
1841 1302 1895 1327 con
1923 1301 2013 1336 gran

1391 1340 1475 1384 stola
1502 1344 1664 1376 adunato.

373 1081 459 1119 668.
486 1083 630 1117 Vedendo
669 1087 862 1122 Selmontini
895 1092 949 1124 che
988 1101 1085 1125 erano
1115 1102 1135 1124 a

526 1137 592 1167 mal
619 1143 753 1178 partum
769 1162 780 1180 ,

423 1187 487 1218 Che
525 1196 584 1218 non
619 1186 718 1228 paria
749 1191 803 1222 che
841 1189 915 1235 testo
945 1191 1062 1235 veneffi
1093 1194 1141 1226 ad
1178 1190 1213 1228 C

524 1235 587 1280 ipfi
611 1236 701 1280 ajuro
716 1259 727 1276 ,

423 1285 572 1319 Trattar
593 1284 706 1331 feceno
733 1289 846 1331 patei,
875 1287 922 1328 (γ’
951 1291 1049 1338 questo
1081 1296 1136 1326 he-

526 1336 602 1369 beno
628 1345 741 1379 petuto
756 1350 778 1380 ,-

424 1386 557 1432 Tregua
595 1394 656 1430 per
683 1387 774 1423 vinti
806 1389 922 1433 giorm‘
935 1401 957 1433 ,·
985 1400 1038 1426 con
1067 1390 1136 1437 qui-

514 1436 562 1484 [ἕο
589 1445 685 1482 patto
713 1440 731 1473 ἰ·
749 1437 858 1487 fieto;
1250 1438 1337 1486 674.
1364 1440 1414 1473 Fo
1445 1438 1540 1484 fatto
1569 1442 1598 1474 lo
1623 1442 1800 1476 commando
1830 1441 1875 1476 ad
1912 1441 2014 1476 Cunte‘

1404 1489 1448 1528 &
1482 1493 1529 1526 ad
1558 1492 1681 1526 Baroni

374 1535 460 1583 669.
481 1540 522 1570 Se
543 1535 614 1580 fino
644 1548 666 1571 a
694 1537 784 1573 vinti
813 1542 847 1573 d)
879 1550 933 1574 con
961 1541 1048 1586 ajuto
1078 1553 1138 1576 non
1302 1544 1368 1575 Per
1396 1550 1485 1576 tutio
1518 1546 1546 1577 lo
1574 1545 1714 1587 Regame
1743 1543 1823 1578 dove
1851 1554 1890 1578 ne
1918 1553 2016 1577 erano

526 1597 666 1621 veneano
676 1608 687 1624 ,
1403 1594 1514 1626 alcuni
1523 1605 1539 1627 .-

424 1639 489 1671 Che
515 1647 570 1670 con
600 1638 628 1670 li
668 1637 761 1681 nostri
790 1638 826 1672 in
854 1648 960 1683 campo
983 1640 1044 1684 pia
1079 1651 1139 1675 non
1180 1642 1215 1676 D
1302 1641 1359 1673 Ad
1388 1649 1472 1682 pena
1511 1646 1593 1676 delle
1627 1644 1734 1678 Terre
1766 1641 1813 1681 ῤ’
1844 1645 1884 1678 de
1915 1640 2015 1677 rebel-

529 1696 760 1724 commatteano
771 1712 783 1728 ,
1401 1690 1485 1724 liom·

424 1739 481 1771 Da
507 1737 598 1771 vinti
620 1738 737 1780 giorm’
767 1740 802 1773 in
833 1739 954 1784 nanti,
982 1740 1078 1786 quilli
1102 1738 1140 1788 se
1302 1741 1368 1773 Che
1395 1741 1530 1775 delziano
1557 1739 1714 1789 sequitur
1743 1743 1770 1776 li
1799 1746 1863 1778 loro
1896 1742 2017 1789 Consa-

526 1789 728 1822 adrendeano
738 1800 758 1831 ;
1403 1791 1473 1823 luni
1487 1814 1498 1826 .

425 1839 484 1872 Ser
515 1839 606 1871 Lalle
646 1836 736 1885 presb
775 1842 808 1873 lu
845 1849 941 1884 patto
981 1844 1034 1876 che
1075 1845 1141 1876 loro

528 1888 716 1923 chiedeano.
1253 1889 1339 1936 675.
1370 1893 1455 1932 Capo
1498 1888 1668 1937 dell’hoste
1698 1890 1738 1939 fh
1776 1896 1808 1926 lu
1847 1896 1939 1928 Daca
1978 1893 2017 1927 de

788 1951 794 1961 ·
1405 1944 1563 1976 Lmrazzo

379 1988 464 2036 670.
490 1991 549 2023 Ser
585 1992 678 2023 Lalle
709 1987 744 2037 se
770 1991 885 2035 partio
900 2003 922 2034 ;
953 1991 1063 2035 prima
1090 1996 1142 2027 che
1304 1993 1411 2024 Venne
1446 1991 1518 2033 fino
1559 1966 1585 2026 a,
1623 1995 1816 2036 Colle-maye
1834 2018 1844 2034 2
1873 1999 1946 2029 'non
1991 1993 2017 2028 11·

529 2042 584 2083 qu)
617 2041 752 2086 tornaffi·
1402 2041 1541 2086 piaeque
1573 2045 1606 2075 lu
1630 2043 1745 2088 stazzo
1758 2055 1779 2086 ;

429 2090 484 2124 Ad
509 2090 625 2124 Civita
653 2092 692 2124 de
723 2091 843 2126 Chieta
879 2101 992 2136 parme
1020 2096 1075 2127 che
1104 2091 1142 2141 se
1186 2095 1216 2129 E
1305 2093 1357 2125 De
1387 2093 1503 2127 venire
1541 2096 1605 2127 alle
1635 2105 1731 2127 mura
1761 2106 1821 2128 non
1860 2095 1887 2129 11·
1917 2103 2021 2140 parea

531 2142 699 2186 applicasse
711 2167 721 2185 ‚
1224 2139 1228 2229 Ι
1402 2140 1544 2189 [bllazzo
1560 2167 1570 2185 ,

430 2191 477 2224 Et
508 2191 626 2225 civita
657 2191 805 2239 donofi‘lli
834 2205 916 2228 como
936 2191 974 2240 se
1007 2194 1117 2238 liaffe,
1226 2233 1229 2246 ‚
1305 2194 1345 2226 Se
1366 2204 1425 2227 era
1446 2202 1582 2237 pentuto
1603 2205 1662 2227 non
1683 2205 1742 2229 era
1762 2196 1872 2229 niente
1895 2205 2018 2240 pazzo-

429 2244 495 2276 Che
526 2245 560 2275 ιδ
589 2245 684 2278 molto
716 2248 830 2279 honore
864 2254 998 2289 pareme
1028 2248 1081 2279 che
1109 2246 1142 2279 12

533 2292 688 2339 intrasse.
1257 2292 1342 2340 676.
1364 2291 1549 2341 Cresendoft
1578 2292 1673 2342 pusar
1702 2299 1736 2330 lu
1762 2299 1854 2330 Daca
1883 2296 1919 2330 in
1951 2299 2021 2330 Col-

1410 2347 1590 2390 le-magio;

387 2388 473 2435 671.
500 2392 640 2436 Qanno
673 2407 774 2430 venne
802 2408 822 2431 a
847 2394 995 2445 partirsb
1023 2396 1144 2442 Iaſjonci
1308 2398 1346 2429 In
1376 2397 1477 2441 quillo
1507 2400 1542 2432 A)
1577 2395 1763 2441 facemmoli
1794 2406 1893 2432 tanta
1922 2393 2018 2440 briga

537 2454 579 2475 un
608 2447 791 2490 Capitan0‚
1412 2447 1455 2486 ά·
1488 2448 1653 2492 finagio,

435 2493 501 2525 Cb?
542 2502 600 2535 per
645 2507 732 2528 nome
779 2498 989 2544 chiamavaffe
1031 2495 1145 2542 Mtsser
1310 2500 1375 2532 Che
1402 2511 1461 2532 non
1490 2511 1643 2543 magnam
1673 2500 1712 2533 ne
1742 2510 1843 2545 pane,
1876 2497 1914 2531 ne
1939 2507 2017 2530 com-

539 2543 653 2577 Golino
681 2546 722 2578 da
753 2549 867 2584 Fan0‚·
1406 2550 1550 2593 panagio
1568 2574 1579 2592 ,

1906 2597 1967 2631 Ne
