2242 3126
423 257 507 304 463

730 248 1007 292 HIS

361 321 419 355 44.
447 308 588 341 Atrine
612 307 689 341 anni
709 309 764 352 poi
788 309 886 355 questo
901 320 1032 353 granne
1052 321 1119 344 ma-
1158 310 1191 344 A

363 427 388 446 Ι.
409 426 436 450 ¹3

510 361 540 394 le
561 358 636 405 fime
652 382 662 396 .

439 419 480 447 65.
505 415 570 446 Che
604 413 650 443 lla
677 410 871 453 Compagnia
905 411 984 445 delli
1013 412 1124 457 Inglifi

514 470 606 495 tutta
632 459 728 502 adoffia
756 472 793 493 ne
816 459 919 505 sone,-

414 512 528 557 Mtffir
555 510 694 557 jovanni
722 513 823 545 Aeaeo
859 510 970 545 d’ella
995 512 1122 558 signore

418 617 482 648 Che
509 624 566 645 uno
593 614 690 655 lunga
717 621 819 657 tempo
853 616 890 647 al
915 616 1032 648 Manno
1052 612 1122 659 jero

371 774 432 809 45.
455 764 483 796 E
510 775 567 797 non
592 771 725 798 trovaro
751 765 818 798 mai
843 774 958 808 reparo
981 773 1039 809 per
1058 766 1125 797 loro
1154 759 1191 793 ³3

512 562 611 608 fhnsro
627 584 635 598 ‚

518 659 701 708 defirtamm
715 687 725 697 .

521 815 786 858 dammaggianno
796 827 816 856 ,-

422 864 468 897 Ec
494 866 527 897 al
552 866 638 897 Rene
665 867 702 898 de
730 865 875 899 Francia
893 863 1003 911 secero
1022 876 1122 909 gran-

523 926 561 947 ne
588 915 688 948 denno
697 926 712 948 .·

423 965 453 998 E
478 964 580 1009 questa
599 966 816 1008 Comparqrgnia
842 978 942 1001 venne
967 969 1049 1000 nello
1075 977 1125 999 no-

511 1014 579 1059 stro
615 1018 757 1049 Concado
769 1040 776 1054 ,

449 1101 529 1132 fatto
553 1101 672 1134 vicino,
689 1102 765 1134 Non
786 1103 847 1135 cosi
869 1103 952 1135 nella
966 1104 1051 1136 Data
1065 1104 1128 1135 del-

450 1141 479 1172 la
510 1141 540 1172 st.
565 1141 706 1181 seguente
737 1142 811 1174 sulla
841 1154 954 1175 venuta
979 1145 1059 1183 degl'
1077 1145 1128 1175 [n-

450 1180 540 1221 glefi,
563 1182 618 1213 che
639 1183 702 1214 Col.
724 1183 757 1213 di
786 1184 867 1216 Borl».
891 1196 918 1217 n.
944 1193 970 1224 5.
998 1195 1077 1224 pone
1099 1184 1128 1214 al

455 1223 541 1260 1365.
566 1222 594 1253 E
616 1222 646 1253 se
668 1226 739 1254 Ant.
761 1223 794 1253 di
817 1228 900 1255 Buce.
921 1225 988 1255 dice
1011 1234 1056 1255 tre
1079 1235 1130 1255 an-

452 1261 484 1292 ni
506 1261 587 1293 dalla
616 1262 702 1294 Peste
729 1264 779 1294 del
812 1267 897 1303 ¹³63-
919 1265 935 1295 ἐ
965 1265 1072 1304 perche
1101 1265 1131 1296 la

453 1311 567 1332 venuta
582 1303 610 1334 di
627 1302 721 1343 quelli
743 1303 775 1334 fu
790 1304 873 1335 nella
888 1303 949 1335 fine
963 1304 1011 1335 del
1035 1307 1131 1344 1265„

452 1351 470 1372 e
491 1342 565 1373 durb
588 1344 667 1383 dopo
690 1343 711 1374 il
736 1345 887 1382 principio
907 1344 959 1375 del
984 1346 1070 1384 1366.
1088 1345 1130 1377 V.

453 1385 523 1414 Ant.
546 1382 578 1413 di
599 1389 680 1415 Buce.
707 1383 790 1415 steilo
807 1383 846 1422 st.
870 1386 941 1422 673.
1158 1382 1162 1440 Ι

1158 1441 1161 1457 l

412 1421 519 1453 Prima
540 1423 654 1455 d⁷uscir
674 1423 724 1455 dal
754 1427 841 1464 1364.
862 1424 979 1458 habene
1006 1424 1132 1463 aggiun-

414 1761 437 1779 '³

453 1472 522 1501 gere
551 1464 597 1494 da'
614 1464 754 1504 privilegi
786 1464 938 1503 Aquilani
966 1464 1071 1505 quello
1099 1465 1129 1495 di
1158 1470 1160 1502 ζ

454 1511 541 1540 poter
569 1503 713 1534 fabricare
743 1505 751 1534 i
781 1504 928 1543 Castelli,
956 1515 976 1535 o
1005 1504 1132 1536 Rocclie
1159 1512 1160 1523 ¹

455 1542 486 1571 in
509 1542 646 1573 ciascuna
668 1543 770 1573 Terra
792 1544 841 1574 del
864 1545 1030 1579 Comadoe
1054 1556 1132 1575 mer-

453 1580 486 1611 c&
509 1582 564 1612 che
586 1582 702 1612 milano
722 1584 792 1621 oegi
816 1593 925 1614 ancora
947 1585 976 1614 in
998 1584 1078 1622 piedi
1101 1585 1132 1615 in

454 1630 563 1660 parte,
585 1631 601 1652 e
626 1620 644 1651 si
674 1622 764 1652 vedra
787 1622 818 1652 in
849 1623 984 1660 appresso
1004 1624 1038 1657 li.
1061 1633 1131 1662 750.
1157 1614 1160 1651 l

455 1659 511 1731 eth}x
540 1661 570 1692 la
598 1661 787 1693 concellione
817 1661 838 1692 si
865 1661 937 1701 pose
965 1662 1004 1693 ad
1024 1662 1134 1694 effetto

454 1710 492 1730 ne
535 1704 617 1738 1380.

460 1740 602 1778 Jobanna
619 1740 739 1779 Regina
748 1763 828 1773 .....
845 1740 979 1778 Iohanni
995 1740 1031 1772 de
1047 1740 1134 1772 Mal-

454 1804 476 1821 „
500 1781 612 1812 tacebis
634 1781 768 1820 generali
791 1781 968 1820 capitaneo
989 1781 1022 1811 ὃς
1045 1781 1134 1818 Julli-

454 1843 477 1861 „
499 1821 590 1851 tiario
611 1821 765 1860 utriusque
789 1821 954 1851 Provincie
977 1822 1134 1860 Aprutine

455 1883 476 1901 „
499 1870 556 1891 nec
577 1871 640 1891 non
662 1861 839 1899 Capitaneo
860 1861 1012 1892 Civitatis
1036 1861 1135 1898 Aqui-

453 1924 474 1941 „
497 1900 548 1932 le.
580 1901 639 1931 Pro
669 1909 753 1939 parte
781 1899 987 1932 universitatis
1017 1900 1048 1931 δι
1079 1901 1133 1932 ho-

452 1965 473 1982 „
497 1942 614 1971 minum
638 1940 791 1971 Civitatis
813 1939 931 1979 Aquile
961 1940 1131 1972 nostrorum

451 2005 472 2021 „
495 1981 631 2011 fidelium
655 1991 708 2019 per
729 1990 835 2011 eorum
865 1979 1078 2012 ambafiatores
1100 1980 1134 2011 δε

450 2044 471 2062 ‚,
495 2022 622 2052 nuncios
650 2022 708 2052 suit
737 2021 861 2051 noviter
893 2020 1058 2057 Majestati.
1078 2031 1134 2051 no-

450 2085 470 2102 „
494 2061 548 2092 lire
571 2062 681 2092 devota
704 2059 895 2099 expolitione
915 2060 1134 2099 monstratum,

451 2125 471 2142 ,‚
493 2102 572 2139 quod
596 2101 776 2132 Comitatus
799 2101 830 2131 &
854 2099 1005 2133 distriEtus
1035 2101 1133 2137 predi-

449 2166 471 2182 „
494 2141 542 2173 ele
572 2142 724 2172 Civitatis
756 2141 872 2177 Aquile
902 2140 942 2172 est
974 2141 1006 2171 in
1037 2140 1134 2172 Villis
1162 2153 1163 2156 ¹

451 2206 471 2222 ‚‚
494 2183 525 2212 ἃ
557 2182 718 2213 Casalibus
752 2181 864 2220 positus
900 2181 933 2212 ὃς
963 2180 1132 2219 dispersus:
1162 2158 1166 2225 i

452 2246 472 2263 7,
495 2222 539 2254 Et
560 2223 688 2254 attentis
707 2220 936 2253 conditionibus
957 2222 1058 2260 pravis
1077 2231 1135 2260 que

452 2287 474 2303 „
496 2271 691 2294 occurrerunt
721 2272 739 2292 a
768 2261 918 2300 prioribus
947 2262 1136 2300 temporibu;

455 2326 475 2342 „
497 2304 591 2342 citra,
621 2303 652 2334 ἃ
683 2302 818 2333 maxime
848 2302 885 2333 de
914 2302 1049 2333 adventu
1078 2302 1135 2332 ini-

455 2366 476 2381 „
498 2353 624 2381 quarum
659 2341 864 2378 societatum,
898 2352 957 2382 que
991 2342 1137 2381 Regnum

458 2405 478 2420 „
501 2383 632 2413 nollrum
653 2382 830 2422 jampluries
850 2381 1047 2421 invaserunt3
1065 2392 1136 2413 con-

458 2444 480 2460 „
502 2420 628 2453 fiderato
648 2423 745 2454 etiam
767 2423 846 2461 quod
867 2422 995 2454 societas
1014 2432 1073 2463 que
1091 2422 1136 2452 di-

458 2483 480 2500 „
502 2461 580 2491 citur
614 2463 650 2492 de
680 2463 884 2499 Caput-llius,
913 2462 1035 2493 trahens
1070 2471 1137 2492 mo-

459 2523 481 2540 „
503 2510 566 2530 ram
583 2501 804 2538 presentialiter
818 2503 848 2532 in
862 2502 1042 2533 Territorio
1055 2501 1137 2532 Ter-

460 2563 482 2580 „
504 2550 535 2570 re
558 2540 730 2579 Gourielie,
752 2552 808 2581 que
832 2542 929 2580 presto
949 2542 1009 2581 est,
1029 2540 1049 2573 si
1072 2540 1136 2581 pos-

462 2602 484 2619 „
506 2578 549 2610 set
573 2580 771 2611 comitatum
801 2581 888 2620 ipsius
911 2582 1063 2613 Civitatis
1090 2582 1135 2612 in-

463 2642 485 2659 „
507 2627 604 2658 trare3
628 2621 659 2651 ἂ
682 2619 819 2651 firmatur
846 2622 943 2652 etiarn
964 2620 1136 2653 Communi
1159 2607 1170 2658 1

1171 2115 1209 2166 Fa

1163 2227 1166 2259 2
1219 2169 1224 2274 ι

1098 247 1379 293 TOR

1219 2603 1225 2655 Ι

1470 247 1499 292 I
1581 251 1624 292 A
1843 263 1932 309 464

1284 309 1315 343 E
1346 310 1403 351 plu
1430 306 1466 340 in
1492 308 1661 344 Amiterno
1695 313 1830 356 taupino
1853 311 1892 360 J&
1927 317 1989 348 vol·

1384 367 1458 392 mro
1472 381 1482 392 ι

1233 460 1295 507 46.
1323 460 1352 493 E
1379 461 1420 493 da
1446 460 1499 494 noi
1533 441 1619 495 della'
1655 461 1765 496 Terra
1798 474 1858 498 non
1893 463 1993 501 abero

1385 519 1522 552 reparo:

1286 564 1314 594 Α
1350 564 1414 594 loro
1450 565 1616 596 voluntate
1650 565 1685 597 la
1708 563 1893 609 fingnioria
1929 566 1993 611 pit-

1384 613 1498 645 liat-o:

1285 662 1406 707 ‚Qesta
1425 662 1464 707 so
1491 666 1523 696 Ia
1546 664 1673 706 prima,
1697 667 1749 698 che
1771 665 1906 709 intraffi·
1929 669 1996 701 ncl-

1386 716 1414 746 lo
1440 713 1538 757 nostro
1566 716 1709 747 Contado
1727 741 1738 758 ‚

1287 763 1317 796 E
1350 764 1393 796 da
1427 764 1565 798 anziani
1598 766 1701 799 omini
1734 768 1813 800 bene
1846 763 1997 801 1’0d2i0

1386 813 1534 849 dittato.

1236 925 1299 960 47.
1326 915 1389 947 Ma
1421 923 1545 958 pagara
1575 915 1693 959 Aquila
1723 921 1780 962 plu
1811 926 1885 953 vote
1911 929 1951 952 ne
1975 929 1997 952 a

1390 973 1467 997 auto
1483 990 1494 1008 ,

1884 1022 1925 1052 M
1928 1031 1947 1051 a

1318 1124 1342 1144 „
1363 1102 1445 1134 fama
1465 1105 1545 1144 quod
1575 1104 1636 1136 alia
1658 1105 1811 1145 Societas,
1836 1106 1895 1138 five
1917 1117 1999 1137 com-

1319 1166 1342 1183 „
1364 1144 1455 1183 pania
1476 1145 1555 1176 circa
1579 1147 1746 1178 adventum
1770 1147 1848 1178 veris
1870 1155 2000 1178 ventura

1318 1206 1341 1223 ‚,
1363 1183 1422 1222 est,
1443 1183 1476 1214 ἃ
1507 1184 1526 1215 si
1556 1185 1757 1217 Comitatum
1786 1187 1884 1225 ipsum
1915 1188 2002 1217 inva-

1318 1245 1342 1263 ‚,
1364 1223 1466 1263 deret,
1489 1222 1570 1256 dista
1594 1226 1719 1256 Civitas
1737 1226 1853 1265 Aquile
1875 1226 1947 1257 ellet
1971 1226 2004 1256 in

1322 1286 1345 1303 ‚,
1367 1263 1502 1302 periculo
1532 1265 1734 1304 perditionis:
1767 1266 1816 1297 Eo
1845 1264 2003 1305 presertim

1319 1325 1342 1342 „
1365 1304 1444 1342 quod
1478 1314 1533 1343 pro
1566 1306 1673 1336 decem
1708 1306 1844 1345 partibus
1878 1305 2004 1336 Civitas

1318 1365 1343 1383 „
1364 1343 1470 1374 eadem
1493 1343 1534 1374 est
1555 1346 1651 1383 polita
1673 1346 1706 1376 in
1733 1346 1829 1377 Villis
1850 1345 1881 1376 &
1905 1345 2002 1376 Casa-

1321 1406 1344 1422 „
1366 1382 1445 1414 libus
1474 1383 1655 1415 Comitatus
1685 1385 1791 1424 ipsius.
1815 1385 1924 1424 Sitque
1945 1385 2005 1416 {uit

1321 1445 1344 1462 ,‚
1367 1421 1588 1462 supplicatum,
1610 1432 1645 1455 ut
1673 1435 1743 1457 cum
1770 1425 1807 1456 ad
1836 1424 2005 1464 honorem,

1318 1485 1344 1502 ‚,
1365 1462 1398 1492 δι
1428 1461 1611 1495 fidelitatem
1645 1464 1796 1503 nostram,
1829 1465 2005 1504 bonumque

1321 1524 1345 1543 „
1367 1501 1494 1541 statum,
1517 1503 1549 1534 ὅ(
1577 1503 1786 1536 defensionem
1817 1504 1921 1544 Regni
1951 1514 2008 1535 no-

1322 1565 1346 1582 „
1368 1542 1435 1581 stri,
1457 1553 1509 1574 eos
1529 1552 1672 1584 oporteat
1698 1544 1800 1584 aliqua
1829 1544 2007 1576 Portellitia

1321 1605 1345 1623 ‚,
1367 1581 1465 1614 facere
1493 1594 1548 1623 per
1575 1583 1744 1616 distritstum
1774 1585 1928 1616 Civitatis
1958 1585 2006 1615 A-

1321 1645 1345 1661 „
1365 1622 1468 1660 quile,
1488 1624 1570 1662 quod
1592 1625 1717 1656 Civitas
1745 1624 1809 1665 ipsa
1834 1623 2007 1656 conservari

1321 1683 1344 1700 ‚,
1365 1662 1398 1692 &
1421 1662 1541 1705 defendi
1571 1665 1680 1702 possit3
1704 1673 1739 1695 ut
1768 1667 1799 1695 in
1823 1665 1931 1704 quibus
1953 1664 2005 1694 ad-

1321 1722 1346 1738 „
1367 1709 1513 1730 veniente
1536 1701 1603 1732 casu
1629 1702 1712 1732 difle
1740 1703 1931 1735 adversitatis
1954 1704 2008 1734 ha·-

1320 1762 1343 1779 ‚‚
1367 1738 1500 1769 bitantes
1523 1739 1554 1770 in
1582 1738 1672 1771 dietis
1703 1741 1801 1773 Villis
1823 1742 1855 1773 δι
1884 1741 2005 1774 casali-

1321 1802 1343 1818 „
1367 1778 1419 1809 bus
1442 1778 1552 1817 poffint
1575 1779 1604 1810 se
1633 1779 1712 1819 ipsos
1734 1781 1766 1812 δι
1789 1781 1868 1813 bona
1897 1792 2004 1812 eorum

1321 1842 1344 1859 ‚,
1367 1820 1402 1849 ad
1425 1817 1516 1849 fortia
1533 1819 1595 1858 ipsa
1617 1821 1776 1860 reducere,
1792 1821 1881 1861 seque
1905 1820 2003 1851 salvos

1323 1881 1346 1898 ,‚
1367 1858 1519 1889 reservare
1553 1859 1585 1890 δι
1619 1861 1742 1892 reddere
1776 1861 1814 1892 ab
1844 1859 2005 1892 incursibus

1323 1921 1346 1939 ‚‚
1367 1897 1447 1928 dieie
1475 1899 1593 1936 gentis:
1617 1901 1811 1938 dignaremur
1839 1902 1867 1932 ei
1895 1899 2007 1931 fortifi-

1323 1961 1346 1978 ‚‚
1369 1939 1506 1968 cationes
1536 1937 1612 1976 ipsas
1640 1940 1772 1971 faciendi
1801 1941 1944 1971 mandare
1969 1947 2005 1971 ut

1324 2001 1346 2018 „
1369 1975 1433 2007 fieri
1467 1976 1627 2014 Justitiarii
1660 1980 1860 2019 permittant,
1894 1978 1926 2010 &
1960 1978 2006 2010 sa·

1324 2041 1347 2058 „
1369 2017 1454 2048 ciant
1475 2015 1558 2049 diE’ta
1579 2017 1745 2050 sortellitia
1768 2019 1799 2050 in
1822 2029 1950 2051 numero
1971 2018 2006 2050 &

1323 2082 1347 2099 „
1369 2057 1462 2095 locis,
1485 2058 1537 2097 qui
1567 2057 1600 2090 &
1629 2069 1688 2099 que
1716 2056 1806 2090 diffls
1825 2058 2007 2091 officialibus

1324 2122 1348 2139 ‚,
1369 2096 1402 2127 ἃ
1423 2097 1615 2129 universitati
1645 2099 1832 2131 videbuntur
1859 2109 1914 2139 pro
1943 2108 2010 2130 me-

1325 2138 1458 2178 ‚,1iori,
1490 2137 1706 2170 considerando
1738 2138 1841 2171 futura
1875 2138 2008 2177 pericula

1325 2201 1348 2219 „
1369 2188 1428 2217 que
1458 2177 1588 2211 timent.
1621 2179 1689 2211 Nos
1725 2188 1829 2211 autem
1863 2179 2008 2210 fidelitati

1326 2241 1349 2258 „
1371 2217 1466 2249 vestre
1501 2219 1728 2251 commin-imus
1762 2219 1795 2251 &
1829 2219 2009 2251 mandamus

1327 2281 1350 2299 „
1371 2266 1520 2298 quatenus
1558 2258 1623 2291 fieri
1658 2259 1821 2300 permittas
1853 2260 1886 2291 δε
1919 2259 2011 2290 facias

1328 2321 1351 2339 „
1373 2300 1433 2330 duo
1453 2298 1614 2332 fortillitia
1633 2301 1710 2332 citra
1727 2300 1879 2341 Aquilam
1899 2300 1931 2331 δι
1951 2299 2011 2330 duo

1329 2362 1353 2380 ‚,
1373 2338 1453 2370 ultra
1472 2339 1622 2380 Aquilam
1642 2340 1693 2371 vel
1708 2339 1794 2380 plura
1810 2340 1830 2372 fi
1846 2339 2010 2380 expediens

1330 2403 1352 2420 „
1374 2379 1515 2413 videritis
1536 2379 1597 2412 fine
1617 2379 1731 2412 lesione
1752 2381 1896 2419 alterius,
1918 2378 2012 2424 cusio-

1329 2442 1353 2459 „
1374 2419 1485 2452 dieuda
1513 2419 1681 2460 sumptibus
1712 2420 1846 2461 ipsorum
1880 2418 2014 2463 Aquila-

1329 2482 1352 2500 „
1375 2469 1501 2493 norum.
1526 2460 1600 2494 Dat.
1622 2460 1724 2501 Neap.
1747 2472 1800 2501 per
1821 2470 1920 2500 magn.
1940 2458 2008 2490 Vir.

1329 2523 1352 2540 ‚‚
1376 2499 1566 2540 Neapolion.
1589 2502 1626 2534 de
1652 2501 1724 2534 filiis
1751 2501 1821 2533 Urfi
1829 2523 1907 2533 .....
1921 2507 2007 2544 „ann-

1329 2563 1352 2580 ‚,
1375 2540 1416 2572 D.
1444 2543 1529 2581 1364·
1553 2542 1603 2574 die
1629 2552 1675 2580 ¹4·
1696 2551 1777 2573 men.
1806 2540 1940 2577 Januarn
1963 2536 2007 2569 se-

1329 2602 1352 2618 „
1374 2581 1471 2612 eunde
1493 2581 1565 2615 Ind.
1587 2581 1723 2622 Regnor.
1744 2579 1840 2612 XXI.
